@inbook{
	Levenshtein,
	author="Левенштейн, В. И.",
	title="Двоичные коды с исправлением выпадений, вставок и замещений символов",
	publisher="Доклады АН СССР",
	volume=163,
	chapter = 4,
	pages = "845--848",
	language = "russian",
	year = 1965
}

@misc{golang,
	title="The Go Programming Language",
	howpublished="Режим доступа: \url{https://golang.org/}",
	note="Дата обращения: 11.09.2020"
}

@misc{gotest,
	title="testing -- The Go Programming Language",
	howpublished="Режим доступа: \url{https://golang.org/pkg/testing/}",
	note="Дата обращения: 12.09.2020"
}

@misc{manjaro,
	title="Manjaro -- enjoy the simplicity",
	howpublished="Режим доступа: \url{https://manjaro.org/}",
	note="Дата обращения: 14.09.2020"
}

@misc{linux,
	title="Linux -- Википедия",
	howpublished="Режим доступа: \url{https://ru.wikipedia.org/wiki/Linux}",
	note="Дата обращения: 14.09.2020"
}

@misc{ryzen,
	title="Мобильный процессор AMD Ryzen™ 7 3700U с графикой Radeon™ RX Vega 10",
	howpublished="Режим доступа: \url{https://www.amd.com/ru/products/apu/amd-ryzen-7-3700u}",
	note="Дата обращения: 14.09.2020"
}